<record><leader>00000cas a22000007a 4500</leader><controlfield tag="001">22218191</controlfield><controlfield tag="008">900814d18461850mduwr ne      0    0eng d</controlfield><datafield ind1=" " ind2=" " tag="010"><subfield code="a">sn 90057243 </subfield></datafield><datafield ind1=" " ind2=" " tag="040"><subfield code="a">MFN</subfield><subfield code="b">eng</subfield><subfield code="c">MFN</subfield><subfield code="d">OCLCQ</subfield></datafield><datafield ind1=" " ind2=" " tag="042"><subfield code="a">msc</subfield></datafield><datafield ind1="0" ind2="4" tag="245"><subfield code="a">The Cecil Democrat, and farmers' journal.</subfield></datafield><datafield ind1=" " ind2=" " tag="260"><subfield code="a">Elkton, Md. :</subfield><subfield code="b">H. Vanderford</subfield></datafield><datafield ind1=" " ind2=" " tag="300"><subfield code="a">v.</subfield></datafield><datafield ind1=" " ind2=" " tag="310"><subfield code="a">Weekly</subfield></datafield><datafield ind1="1" ind2=" " tag="362"><subfield code="a">Began in 1846? Ceased in 1850.</subfield></datafield><datafield ind1=" " ind2=" " tag="588"><subfield code="a">Description based on: Jan. 3, 1846.</subfield></datafield><datafield ind1=" " ind2=" " tag="752"><subfield code="a">United States</subfield><subfield code="b">Maryland</subfield><subfield code="c">Cecil</subfield><subfield code="d">Elkton.</subfield></datafield><datafield ind1="0" ind2="0" tag="780"><subfield code="t">Cecil Democrat (Elkton, Md. : 1842)</subfield><subfield code="w">(DLC)sn 83016346</subfield></datafield><datafield ind1="0" ind2="0" tag="785"><subfield code="t">Cecil Democrat (Elkton, Md. : 1850)</subfield><subfield code="w">(DLC)sn 90057244</subfield></datafield></record>